[gd_scene load_steps=6 format=2]

[ext_resource path="res://fonts/LDFComicSans.ttf" type="DynamicFontData" id=1]
[ext_resource path="res://fonts/buttonfont.tres" type="DynamicFont" id=2]
[ext_resource path="res://scenes/screen.tscn" type="PackedScene" id=3]
[ext_resource path="res://scripts/screens/menu.gd" type="Script" id=4]

[sub_resource type="DynamicFont" id=1]
size = 120
font_data = ExtResource( 1 )

[node name="menu" instance=ExtResource( 3 )]
script = ExtResource( 4 )

[node name="menu_stuffs" type="Control" parent="." index="0"]
margin_right = 768.0
margin_bottom = 450.0
__meta__ = {
"_edit_use_anchors_": false
}

[node name="top" type="Control" parent="menu_stuffs" index="0"]
margin_right = 768.0
margin_bottom = 236.0
__meta__ = {
"_edit_use_anchors_": false
}

[node name="title" type="Label" parent="menu_stuffs/top" index="0"]
margin_left = 120.0
margin_right = 648.0
margin_bottom = 224.0
custom_fonts/font = SubResource( 1 )
text = "Level 0"
align = 1
valign = 1

[node name="bottom" type="Control" parent="menu_stuffs" index="1"]
margin_top = 300.0
margin_right = 768.0
margin_bottom = 448.0
__meta__ = {
"_edit_use_anchors_": false
}

[node name="vbox" type="VBoxContainer" parent="menu_stuffs/bottom" index="0"]
margin_right = 768.0
margin_bottom = 148.0
alignment = 1
__meta__ = {
"_edit_use_anchors_": false
}

[node name="hbox" type="HBoxContainer" parent="menu_stuffs/bottom/vbox" index="0"]
margin_top = 51.0
margin_right = 768.0
margin_bottom = 96.0
custom_constants/separation = 20
alignment = 1

[node name="play" type="Button" parent="menu_stuffs/bottom/vbox/hbox" index="0"]
margin_left = 141.0
margin_right = 296.0
margin_bottom = 45.0
custom_fonts/font = ExtResource( 2 )
text = "play game"
flat = true

[node name="intro" type="Button" parent="menu_stuffs/bottom/vbox/hbox" index="1"]
margin_left = 316.0
margin_right = 497.0
margin_bottom = 45.0
custom_fonts/font = ExtResource( 2 )
text = "introduction"
flat = true

[node name="credits" type="Button" parent="menu_stuffs/bottom/vbox/hbox" index="2"]
margin_left = 517.0
margin_right = 626.0
margin_bottom = 45.0
custom_fonts/font = ExtResource( 2 )
text = "credits"
flat = true
