[gd_scene load_steps=7 format=2]

[ext_resource path="res://images/CRTFrame.png" type="Texture" id=1]
[ext_resource path="res://scripts/shader/CRTShader.shader" type="Shader" id=2]
[ext_resource path="res://scripts/transition/transition.gd" type="Script" id=3]

[sub_resource type="ShaderMaterial" id=1]
shader = ExtResource( 2 )
shader_param/screen_width = 1024.0
shader_param/screen_height = 600.0
shader_param/BarrelPower = 1.1
shader_param/color_bleeding = 1.2
shader_param/bleeding_range_x = 3.0
shader_param/bleeding_range_y = 3.0
shader_param/lines_distance = 4.0
shader_param/scan_size = 2.0
shader_param/scanline_alpha = 0.9
shader_param/lines_velocity = 30.0

[sub_resource type="Animation" id=3]
resource_name = "closing"
length = 0.7
tracks/0/type = "value"
tracks/0/path = NodePath("crt/blackscreen:modulate")
tracks/0/interp = 1
tracks/0/loop_wrap = true
tracks/0/imported = false
tracks/0/enabled = true
tracks/0/keys = {
"times": PoolRealArray( 0, 0.1, 0.2, 0.7 ),
"transitions": PoolRealArray( 1, 1, 1, 1 ),
"update": 0,
"values": [ Color( 1, 1, 1, 0 ), Color( 1, 1, 1, 0 ), Color( 1, 1, 1, 0 ), Color( 1, 1, 1, 1 ) ]
}
tracks/1/type = "value"
tracks/1/path = NodePath("crt:modulate")
tracks/1/interp = 1
tracks/1/loop_wrap = true
tracks/1/imported = false
tracks/1/enabled = true
tracks/1/keys = {
"times": PoolRealArray( 0, 0.1, 0.7 ),
"transitions": PoolRealArray( 1, 1, 1 ),
"update": 1,
"values": [ Color( 1, 1, 1, 0 ), Color( 1, 1, 1, 1 ), Color( 1, 1, 1, 1 ) ]
}
tracks/2/type = "value"
tracks/2/path = NodePath("crt:rect_position")
tracks/2/interp = 1
tracks/2/loop_wrap = true
tracks/2/imported = false
tracks/2/enabled = true
tracks/2/keys = {
"times": PoolRealArray( 0, 0.1, 0.7 ),
"transitions": PoolRealArray( 1, 1, 1 ),
"update": 1,
"values": [ Vector2( 0, 450 ), Vector2( 0, 0 ), Vector2( 0, 0 ) ]
}

[sub_resource type="Animation" id=2]
resource_name = "opening"
length = 0.7
tracks/0/type = "value"
tracks/0/path = NodePath("crt:modulate")
tracks/0/interp = 2
tracks/0/loop_wrap = true
tracks/0/imported = false
tracks/0/enabled = true
tracks/0/keys = {
"times": PoolRealArray( 0, 0.6, 0.7 ),
"transitions": PoolRealArray( 1, 1, 1 ),
"update": 0,
"values": [ Color( 1, 1, 1, 1 ), Color( 1, 1, 1, 0 ), Color( 1, 1, 1, 0 ) ]
}
tracks/1/type = "value"
tracks/1/path = NodePath("crt:rect_position")
tracks/1/interp = 1
tracks/1/loop_wrap = true
tracks/1/imported = false
tracks/1/enabled = true
tracks/1/keys = {
"times": PoolRealArray( 0, 0.6, 0.7 ),
"transitions": PoolRealArray( 1, 1, 1 ),
"update": 0,
"values": [ Vector2( 0, 0 ), Vector2( 0, 0 ), Vector2( 0, 450 ) ]
}
tracks/2/type = "value"
tracks/2/path = NodePath("crt/blackscreen:modulate")
tracks/2/interp = 2
tracks/2/loop_wrap = true
tracks/2/imported = false
tracks/2/enabled = true
tracks/2/keys = {
"times": PoolRealArray( 0, 0.2, 0.6, 0.7 ),
"transitions": PoolRealArray( 1, 1, 1, 1 ),
"update": 0,
"values": [ Color( 1, 1, 1, 1 ), Color( 1, 1, 1, 0 ), Color( 1, 1, 1, 0 ), Color( 1, 1, 1, 0 ) ]
}

[node name="transition" type="CanvasLayer"]
script = ExtResource( 3 )

[node name="crt" type="ColorRect" parent="."]
material = SubResource( 1 )
margin_right = 768.0
margin_bottom = 450.0
__meta__ = {
"_edit_use_anchors_": false
}

[node name="screen" type="TextureRect" parent="crt"]
modulate = Color( 1, 1, 1, 0 )
margin_right = 768.0
margin_bottom = 450.0
texture = ExtResource( 1 )
expand = true
__meta__ = {
"_edit_use_anchors_": false
}

[node name="blackscreen" type="ColorRect" parent="crt"]
margin_right = 768.0
margin_bottom = 450.0
color = Color( 0, 0, 0, 1 )
__meta__ = {
"_edit_use_anchors_": false
}

[node name="animation" type="AnimationPlayer" parent="."]
anims/closing = SubResource( 3 )
anims/opening = SubResource( 2 )
[connection signal="animation_changed" from="animation" to="." method="_on_animation_changed"]
[connection signal="animation_finished" from="animation" to="." method="_on_animation_finished"]
[connection signal="animation_started" from="animation" to="." method="_on_animation_started"]
